<record><leader>00000cas a2200000 a 4500</leader><controlfield tag="001">37923555</controlfield><controlfield tag="008">971112d18uu18uumiuwr n       0    0eng c</controlfield><datafield ind1=" " ind2=" " tag="010"><subfield code="a">sn 97063445 </subfield></datafield><datafield ind1=" " ind2=" " tag="040"><subfield code="a">MHN</subfield><subfield code="b">eng</subfield><subfield code="c">MHN</subfield><subfield code="d">OCL</subfield><subfield code="d">OCLCQ</subfield><subfield code="d">OCLCF</subfield><subfield code="d">OCLCO</subfield></datafield><datafield ind1="1" ind2=" " tag="029"><subfield code="a">AU@</subfield><subfield code="b">000013618528</subfield></datafield><datafield ind1=" " ind2=" " tag="042"><subfield code="a">pcc</subfield></datafield><datafield ind1=" " ind2=" " tag="043"><subfield code="a">n-us-mi</subfield></datafield><datafield ind1="0" ind2=" " tag="130"><subfield code="a">Shiawassee County journal (Corunna, Mich. : 1884)</subfield></datafield><datafield ind1="1" ind2="0" tag="245"><subfield code="a">Shiawassee County journal.</subfield></datafield><datafield ind1="1" ind2="3" tag="246"><subfield code="a">Shiawassee journal</subfield></datafield><datafield ind1=" " ind2=" " tag="260"><subfield code="a">Corunna, Mich. :</subfield><subfield code="b">Ward Ingerson</subfield></datafield><datafield ind1=" " ind2=" " tag="300"><subfield code="a">v.</subfield></datafield><datafield ind1=" " ind2=" " tag="310"><subfield code="a">Weekly</subfield></datafield><datafield ind1=" " ind2=" " tag="500"><subfield code="a">"County" in title appears above seal in masthead.</subfield></datafield><datafield ind1=" " ind2=" " tag="588"><subfield code="a">Description based on: Vol. 4, no. 9 (Jan. 31, 1884).</subfield></datafield><datafield ind1=" " ind2="0" tag="651"><subfield code="a">Corunna (Mich.)</subfield><subfield code="v">Newspapers.</subfield></datafield><datafield ind1=" " ind2="0" tag="651"><subfield code="a">Shiawassee County (Mich.)</subfield><subfield code="v">Newspapers.</subfield></datafield><datafield ind1=" " ind2="7" tag="655"><subfield code="a">Newspapers.</subfield><subfield code="2">fast</subfield><subfield code="0">(OCoLC)fst01423814</subfield></datafield><datafield ind1=" " ind2="7" tag="651"><subfield code="a">Michigan</subfield><subfield code="z">Corunna.</subfield><subfield code="2">fast</subfield><subfield code="0">(OCoLC)fst01209812</subfield></datafield><datafield ind1=" " ind2="7" tag="651"><subfield code="a">Michigan</subfield><subfield code="z">Shiawassee County.</subfield><subfield code="2">fast</subfield><subfield code="0">(OCoLC)fst01214752</subfield></datafield><datafield ind1=" " ind2=" " tag="752"><subfield code="a">United States</subfield><subfield code="b">Michigan</subfield><subfield code="c">Shaiwassee</subfield><subfield code="d">Corunna.</subfield></datafield></record>